@inproceedings{DBLP:conf/kbse/VisserHBP00,
  author    = {Willem Visser and
               Klaus Havelund and
               Guillaume P. Brat and
               Seungjoon Park},
  title     = {Model Checking Programs},
  booktitle = {ASE},
  year      = {2000},
  pages     = {3-12},
}

